<?xml version="1.0" encoding="UTF-8"?><?xml-stylesheet type="text/xsl" href="camt.054.001.02.xsl"?>
<Document xmlns="urn:iso:std:iso:20022:tech:xsd:camt.054.001.02" xmlns:xsi="http://www.w3.org/2001/XMLSchema-instance"
          xsi:schemaLocation="urn:iso:std:iso:20022:tech:xsd:camt.054.001.02 camt.054.001.02.xsd">
    <BkToCstmrDbtCdtNtfctn>
        <GrpHdr>
            <MsgId>NDEA-CAMT54-1991-09-28T14:15:0080</MsgId>
            <CreDtTm>1991-09-28T14:15:00Z</CreDtTm>
        </GrpHdr>
        <Ntfctn>
            <Id>CAMT054-FI1234583022015099-19910920</Id>
            <ElctrncSeqNb>2</ElctrncSeqNb>
            <CreDtTm>1991-09-20T19:17:35Z</CreDtTm>
            <FrToDt>
                <FrDtTm>1991-09-20T00:00:00Z</FrDtTm>
                <ToDtTm>1991-09-20T00:00:00Z</ToDtTm>
            </FrToDt>
            <Acct>
                <Id>
                    <IBAN>123412341234</IBAN>
                </Id>
                <Ccy>AOA</Ccy>
                <Nm>TEST Company Ltd</Nm>
                <Ownr>
                    <Nm>TEST Company Ltd</Nm>
                    <Id>
                        <OrgId>
                            <Othr>
                                <Id>1016593E</Id>
                                <SchmeNm>
                                    <Cd>BANK</Cd>
                                </SchmeNm>
                            </Othr>
                        </OrgId>
                    </Id>
                </Ownr>
                <Svcr>
                    <FinInstnId>
                        <BIC>NDEAFIHH</BIC>
                    </FinInstnId>
                </Svcr>
            </Acct>
            <TxsSummry>
                <TtlCdtNtries>
                    <NbOfNtries>2</NbOfNtries>
                    <Sum>57315.79</Sum>
                </TtlCdtNtries>
            </TxsSummry>
            <Ntry>
                <Amt Ccy="AOA">3763.41</Amt>
                <CdtDbtInd>CRDT</CdtDbtInd>
                <RvslInd>false</RvslInd>
                <Sts>BOOK</Sts>
                <BookgDt>
                    <Dt>1991-09-20</Dt>
                </BookgDt>
                <ValDt>
                    <Dt>1991-09-19</Dt>
                </ValDt>
                <BkTxCd>
                    <Domn>
                        <Cd>PMNT</Cd>
                        <Fmly>
                            <Cd>RCDT</Cd>
                            <SubFmlyCd>DMCT</SubFmlyCd>
                        </Fmly>
                    </Domn>
                </BkTxCd>
                <NtryDtls>
                    <TxDtls>
                        <Refs>
                            <AcctSvcrRef>19992333341234380</AcctSvcrRef>
                        </Refs>
                        <AmtDtls>
                            <TxAmt>
                                <Amt Ccy="AOA">1272.43</Amt>
                            </TxAmt>
                        </AmtDtls>
                        <BkTxCd>
                            <Domn>
                                <Cd>PMNT</Cd>
                                <Fmly>
                                    <Cd>RCDT</Cd>
                                    <SubFmlyCd>DMCT</SubFmlyCd>
                                </Fmly>
                            </Domn>
                        </BkTxCd>
                        <RltdPties>
                            <Dbtr>
                                <Nm>TEST Company Ltd</Nm>
                            </Dbtr>
                        </RltdPties>
                        <RmtInf>
                            <Strd>
                                <CdtrRefInf>
                                    <Tp>
                                        <CdOrPrtry>
                                            <Cd>SCOR</Cd>
                                        </CdOrPrtry>
                                    </Tp>
                                    <Ref>92200000011040926611</Ref>
                                </CdtrRefInf>
                            </Strd>
                        </RmtInf>
                        <RltdDts>
                            <AccptncDtTm>1991-09-19T00:00:00Z</AccptncDtTm>
                        </RltdDts>
                    </TxDtls>
                    <TxDtls>
                        <Refs>
                            <AcctSvcrRef>19992333341234380</AcctSvcrRef>
                        </Refs>
                        <AmtDtls>
                            <TxAmt>
                                <Amt Ccy="AOA">1495.43</Amt>
                            </TxAmt>
                        </AmtDtls>
                        <BkTxCd>
                            <Domn>
                                <Cd>PMNT</Cd>
                                <Fmly>
                                    <Cd>RCDT</Cd>
                                    <SubFmlyCd>DMCT</SubFmlyCd>
                                </Fmly>
                            </Domn>
                        </BkTxCd>
                        <RltdPties>
                            <Dbtr>
                                <Nm>TEST Company Ltd</Nm>
                            </Dbtr>
                        </RltdPties>
                        <RmtInf>
                            <Strd>
                                <CdtrRefInf>
                                    <Tp>
                                        <CdOrPrtry>
                                            <Cd>SCOR</Cd>
                                        </CdOrPrtry>
                                    </Tp>
                                    <Ref>92200000011040926611</Ref>
                                </CdtrRefInf>
                            </Strd>
                        </RmtInf>
                        <RltdDts>
                            <AccptncDtTm>1991-09-19T00:00:00Z</AccptncDtTm>
                        </RltdDts>
                    </TxDtls>
                    <TxDtls>
                        <Refs>
                            <AcctSvcrRef>19992333341234380</AcctSvcrRef>
                        </Refs>
                        <AmtDtls>
                            <TxAmt>
                                <Amt Ccy="AOA">395.00</Amt>
                            </TxAmt>
                        </AmtDtls>
                        <BkTxCd>
                            <Domn>
                                <Cd>PMNT</Cd>
                                <Fmly>
                                    <Cd>RCDT</Cd>
                                    <SubFmlyCd>DMCT</SubFmlyCd>
                                </Fmly>
                            </Domn>
                        </BkTxCd>
                        <RltdPties>
                            <Dbtr>
                                <Nm>TEST Company Ltd</Nm>
                            </Dbtr>
                        </RltdPties>
                        <RmtInf>
                            <Strd>
                                <CdtrRefInf>
                                    <Tp>
                                        <CdOrPrtry>
                                            <Cd>SCOR</Cd>
                                        </CdOrPrtry>
                                    </Tp>
                                    <Ref>92200000011040926611</Ref>
                                </CdtrRefInf>
                            </Strd>
                        </RmtInf>
                        <RltdDts>
                            <AccptncDtTm>1991-09-19T00:00:00Z</AccptncDtTm>
                        </RltdDts>
                    </TxDtls>
                    <TxDtls>
                        <Refs>
                            <AcctSvcrRef>19992333341234380</AcctSvcrRef>
                        </Refs>
                        <AmtDtls>
                            <TxAmt>
                                <Amt Ccy="AOA">600.55</Amt>
                            </TxAmt>
                        </AmtDtls>
                        <BkTxCd>
                            <Domn>
                                <Cd>PMNT</Cd>
                                <Fmly>
                                    <Cd>RCDT</Cd>
                                    <SubFmlyCd>DMCT</SubFmlyCd>
                                </Fmly>
                            </Domn>
                        </BkTxCd>
                        <RltdPties>
                            <Dbtr>
                                <Nm>TEST Company Ltd</Nm>
                            </Dbtr>
                        </RltdPties>
                        <RmtInf>
                            <Strd>
                                <CdtrRefInf>
                                    <Tp>
                                        <CdOrPrtry>
                                            <Cd>SCOR</Cd>
                                        </CdOrPrtry>
                                    </Tp>
                                    <Ref>92200000011040926611</Ref>
                                </CdtrRefInf>
                            </Strd>
                        </RmtInf>
                        <RltdDts>
                            <AccptncDtTm>1991-09-19T00:00:00Z</AccptncDtTm>
                        </RltdDts>
                    </TxDtls>
                </NtryDtls>
            </Ntry>
            <Ntry>
                <Amt Ccy="AOA">53552.38</Amt>
                <CdtDbtInd>CRDT</CdtDbtInd>
                <RvslInd>false</RvslInd>
                <Sts>BOOK</Sts>
                <BookgDt>
                    <Dt>1991-09-20</Dt>
                </BookgDt>
                <ValDt>
                    <Dt>1991-09-20</Dt>
                </ValDt>
                <BkTxCd>
                    <Domn>
                        <Cd>PMNT</Cd>
                        <Fmly>
                            <Cd>RCDT</Cd>
                            <SubFmlyCd>DMCT</SubFmlyCd>
                        </Fmly>
                    </Domn>
                </BkTxCd>
                <NtryDtls>
                    <TxDtls>
                        <Refs>
                            <AcctSvcrRef>19992333341234380</AcctSvcrRef>
                        </Refs>
                        <AmtDtls>
                            <TxAmt>
                                <Amt Ccy="AOA">451.70</Amt>
                            </TxAmt>
                        </AmtDtls>
                        <BkTxCd>
                            <Domn>
                                <Cd>PMNT</Cd>
                                <Fmly>
                                    <Cd>RCDT</Cd>
                                    <SubFmlyCd>DMCT</SubFmlyCd>
                                </Fmly>
                            </Domn>
                        </BkTxCd>
                        <RltdPties>
                            <Dbtr>
                                <Nm>KIINA TÄHTI</Nm>
                            </Dbtr>
                        </RltdPties>
                        <RmtInf>
                            <Strd>
                                <CdtrRefInf>
                                    <Tp>
                                        <CdOrPrtry>
                                            <Cd>SCOR</Cd>
                                        </CdOrPrtry>
                                    </Tp>
                                    <Ref>92200000011040926611</Ref>
                                </CdtrRefInf>
                            </Strd>
                        </RmtInf>
                        <RltdDts>
                            <AccptncDtTm>1991-09-20T00:00:00Z</AccptncDtTm>
                        </RltdDts>
                    </TxDtls>
                    <TxDtls>
                        <Refs>
                            <AcctSvcrRef>19992333341234380</AcctSvcrRef>
                        </Refs>
                        <AmtDtls>
                            <TxAmt>
                                <Amt Ccy="AOA">1650.22</Amt>
                            </TxAmt>
                        </AmtDtls>
                        <BkTxCd>
                            <Domn>
                                <Cd>PMNT</Cd>
                                <Fmly>
                                    <Cd>RCDT</Cd>
                                    <SubFmlyCd>DMCT</SubFmlyCd>
                                </Fmly>
                            </Domn>
                        </BkTxCd>
                        <RltdPties>
                            <Dbtr>
                                <Nm>TEST Company Ltd</Nm>
                            </Dbtr>
                        </RltdPties>
                        <RmtInf>
                            <Strd>
                                <CdtrRefInf>
                                    <Tp>
                                        <CdOrPrtry>
                                            <Cd>SCOR</Cd>
                                        </CdOrPrtry>
                                    </Tp>
                                    <Ref>92200000011040926611</Ref>
                                </CdtrRefInf>
                            </Strd>
                        </RmtInf>
                        <RltdDts>
                            <AccptncDtTm>1991-09-20T00:00:00Z</AccptncDtTm>
                        </RltdDts>
                    </TxDtls>
                    <TxDtls>
                        <Refs>
                            <AcctSvcrRef>19992333341234380</AcctSvcrRef>
                        </Refs>
                        <AmtDtls>
                            <TxAmt>
                                <Amt Ccy="AOA">951.00</Amt>
                            </TxAmt>
                        </AmtDtls>
                        <BkTxCd>
                            <Domn>
                                <Cd>PMNT</Cd>
                                <Fmly>
                                    <Cd>RCDT</Cd>
                                    <SubFmlyCd>DMCT</SubFmlyCd>
                                </Fmly>
                            </Domn>
                        </BkTxCd>
                        <RltdPties>
                            <Dbtr>
                                <Nm>TEST Company Ltd</Nm>
                            </Dbtr>
                        </RltdPties>
                        <RmtInf>
                            <Strd>
                                <CdtrRefInf>
                                    <Tp>
                                        <CdOrPrtry>
                                            <Cd>SCOR</Cd>
                                        </CdOrPrtry>
                                    </Tp>
                                    <Ref>92200000011040926611</Ref>
                                </CdtrRefInf>
                            </Strd>
                        </RmtInf>
                        <RltdDts>
                            <AccptncDtTm>1991-09-20T00:00:00Z</AccptncDtTm>
                        </RltdDts>
                    </TxDtls>
                    <TxDtls>
                        <Refs>
                            <AcctSvcrRef>19992333341234380</AcctSvcrRef>
                        </Refs>
                        <AmtDtls>
                            <TxAmt>
                                <Amt Ccy="AOA">1624.40</Amt>
                            </TxAmt>
                        </AmtDtls>
                        <BkTxCd>
                            <Domn>
                                <Cd>PMNT</Cd>
                                <Fmly>
                                    <Cd>RCDT</Cd>
                                    <SubFmlyCd>DMCT</SubFmlyCd>
                                </Fmly>
                            </Domn>
                        </BkTxCd>
                        <RltdPties>
                            <Dbtr>
                                <Nm>TEST Company Ltd</Nm>
                            </Dbtr>
                        </RltdPties>
                        <RmtInf>
                            <Strd>
                                <CdtrRefInf>
                                    <Tp>
                                        <CdOrPrtry>
                                            <Cd>SCOR</Cd>
                                        </CdOrPrtry>
                                    </Tp>
                                    <Ref>92200000011040926611</Ref>
                                </CdtrRefInf>
                            </Strd>
                        </RmtInf>
                        <RltdDts>
                            <AccptncDtTm>1991-09-20T00:00:00Z</AccptncDtTm>
                        </RltdDts>
                    </TxDtls>
                    <TxDtls>
                        <Refs>
                            <AcctSvcrRef>19992333341234380</AcctSvcrRef>
                        </Refs>
                        <AmtDtls>
                            <TxAmt>
                                <Amt Ccy="AOA">1821.99</Amt>
                            </TxAmt>
                        </AmtDtls>
                        <BkTxCd>
                            <Domn>
                                <Cd>PMNT</Cd>
                                <Fmly>
                                    <Cd>RCDT</Cd>
                                    <SubFmlyCd>DMCT</SubFmlyCd>
                                </Fmly>
                            </Domn>
                        </BkTxCd>
                        <RltdPties>
                            <Dbtr>
                                <Nm>TEST Company Ltd</Nm>
                            </Dbtr>
                        </RltdPties>
                        <RmtInf>
                            <Strd>
                                <CdtrRefInf>
                                    <Tp>
                                        <CdOrPrtry>
                                            <Cd>SCOR</Cd>
                                        </CdOrPrtry>
                                    </Tp>
                                    <Ref>92200000011040926611</Ref>
                                </CdtrRefInf>
                            </Strd>
                        </RmtInf>
                        <RltdDts>
                            <AccptncDtTm>1991-09-20T00:00:00Z</AccptncDtTm>
                        </RltdDts>
                    </TxDtls>
                    <TxDtls>
                        <Refs>
                            <AcctSvcrRef>19992333341234380</AcctSvcrRef>
                        </Refs>
                        <AmtDtls>
                            <TxAmt>
                                <Amt Ccy="AOA">2567.79</Amt>
                            </TxAmt>
                        </AmtDtls>
                        <BkTxCd>
                            <Domn>
                                <Cd>PMNT</Cd>
                                <Fmly>
                                    <Cd>RCDT</Cd>
                                    <SubFmlyCd>DMCT</SubFmlyCd>
                                </Fmly>
                            </Domn>
                        </BkTxCd>
                        <RltdPties>
                            <Dbtr>
                                <Nm>THAI &amp; LAOS OY RAVINTOLA</Nm>
                            </Dbtr>
                        </RltdPties>
                        <RmtInf>
                            <Strd>
                                <CdtrRefInf>
                                    <Tp>
                                        <CdOrPrtry>
                                            <Cd>SCOR</Cd>
                                        </CdOrPrtry>
                                    </Tp>
                                    <Ref>92200000011040926611</Ref>
                                </CdtrRefInf>
                            </Strd>
                        </RmtInf>
                        <RltdDts>
                            <AccptncDtTm>1991-09-20T00:00:00Z</AccptncDtTm>
                        </RltdDts>
                    </TxDtls>
                    <TxDtls>
                        <Refs>
                            <AcctSvcrRef>19992333341234380</AcctSvcrRef>
                        </Refs>
                        <AmtDtls>
                            <TxAmt>
                                <Amt Ccy="AOA">1288.23</Amt>
                            </TxAmt>
                        </AmtDtls>
                        <BkTxCd>
                            <Domn>
                                <Cd>PMNT</Cd>
                                <Fmly>
                                    <Cd>RCDT</Cd>
                                    <SubFmlyCd>DMCT</SubFmlyCd>
                                </Fmly>
                            </Domn>
                        </BkTxCd>
                        <RltdPties>
                            <Dbtr>
                                <Nm>TEST Company Ltd</Nm>
                            </Dbtr>
                        </RltdPties>
                        <RmtInf>
                            <Strd>
                                <CdtrRefInf>
                                    <Tp>
                                        <CdOrPrtry>
                                            <Cd>SCOR</Cd>
                                        </CdOrPrtry>
                                    </Tp>
                                    <Ref>92200000011040926611</Ref>
                                </CdtrRefInf>
                            </Strd>
                        </RmtInf>
                        <RltdDts>
                            <AccptncDtTm>1991-09-20T00:00:00Z</AccptncDtTm>
                        </RltdDts>
                    </TxDtls>
                    <TxDtls>
                        <Refs>
                            <AcctSvcrRef>19992333341234380</AcctSvcrRef>
                            <EndToEndId>NOTPROVIDED</EndToEndId>
                        </Refs>
                        <AmtDtls>
                            <TxAmt>
                                <Amt Ccy="AOA">1739.92</Amt>
                            </TxAmt>
                        </AmtDtls>
                        <BkTxCd>
                            <Domn>
                                <Cd>PMNT</Cd>
                                <Fmly>
                                    <Cd>RCDT</Cd>
                                    <SubFmlyCd>ESCT</SubFmlyCd>
                                </Fmly>
                            </Domn>
                        </BkTxCd>
                        <RltdPties>
                            <Dbtr>
                                <Nm>TEST Company Ltd</Nm>
                                <Id>
                                    <OrgId>
                                        <Othr>
                                            <Id>01905573</Id>
                                        </Othr>
                                    </OrgId>
                                </Id>
                            </Dbtr>
                        </RltdPties>
                        <RmtInf>
                            <Strd>
                                <CdtrRefInf>
                                    <Tp>
                                        <CdOrPrtry>
                                            <Cd>SCOR</Cd>
                                        </CdOrPrtry>
                                    </Tp>
                                    <Ref>92200000011040926611</Ref>
                                </CdtrRefInf>
                            </Strd>
                        </RmtInf>
                        <RltdDts>
                            <AccptncDtTm>1991-09-19T00:00:00Z</AccptncDtTm>
                        </RltdDts>
                    </TxDtls>
                    <TxDtls>
                        <Refs>
                            <AcctSvcrRef>19992333341234380</AcctSvcrRef>
                            <EndToEndId>NOTPROVIDED</EndToEndId>
                        </Refs>
                        <AmtDtls>
                            <TxAmt>
                                <Amt Ccy="AOA">869.68</Amt>
                            </TxAmt>
                        </AmtDtls>
                        <BkTxCd>
                            <Domn>
                                <Cd>PMNT</Cd>
                                <Fmly>
                                    <Cd>RCDT</Cd>
                                    <SubFmlyCd>ESCT</SubFmlyCd>
                                </Fmly>
                            </Domn>
                        </BkTxCd>
                        <RltdPties>
                            <Dbtr>
                                <Nm>TEST Company Ltd</Nm>
                            </Dbtr>
                        </RltdPties>
                        <RmtInf>
                            <Strd>
                                <CdtrRefInf>
                                    <Tp>
                                        <CdOrPrtry>
                                            <Cd>SCOR</Cd>
                                        </CdOrPrtry>
                                    </Tp>
                                    <Ref>92200000011040926611</Ref>
                                </CdtrRefInf>
                            </Strd>
                        </RmtInf>
                        <RltdDts>
                            <AccptncDtTm>1991-09-18T00:00:00Z</AccptncDtTm>
                        </RltdDts>
                    </TxDtls>
                    <TxDtls>
                        <Refs>
                            <AcctSvcrRef>19992333341234380</AcctSvcrRef>
                            <EndToEndId>NOTPROVIDED</EndToEndId>
                        </Refs>
                        <AmtDtls>
                            <TxAmt>
                                <Amt Ccy="AOA">1876.39</Amt>
                            </TxAmt>
                        </AmtDtls>
                        <BkTxCd>
                            <Domn>
                                <Cd>PMNT</Cd>
                                <Fmly>
                                    <Cd>RCDT</Cd>
                                    <SubFmlyCd>ESCT</SubFmlyCd>
                                </Fmly>
                            </Domn>
                        </BkTxCd>
                        <RltdPties>
                            <Dbtr>
                                <Nm>TEST Company Ltd</Nm>
                            </Dbtr>
                        </RltdPties>
                        <RmtInf>
                            <Strd>
                                <CdtrRefInf>
                                    <Tp>
                                        <CdOrPrtry>
                                            <Cd>SCOR</Cd>
                                        </CdOrPrtry>
                                    </Tp>
                                    <Ref>92200000011040926611</Ref>
                                </CdtrRefInf>
                            </Strd>
                        </RmtInf>
                        <RltdDts>
                            <AccptncDtTm>1991-09-19T00:00:00Z</AccptncDtTm>
                        </RltdDts>
                    </TxDtls>
                    <TxDtls>
                        <Refs>
                            <AcctSvcrRef>19992333341234380</AcctSvcrRef>
                            <EndToEndId>NOTPROVIDED</EndToEndId>
                        </Refs>
                        <AmtDtls>
                            <TxAmt>
                                <Amt Ccy="AOA">1093.80</Amt>
                            </TxAmt>
                        </AmtDtls>
                        <BkTxCd>
                            <Domn>
                                <Cd>PMNT</Cd>
                                <Fmly>
                                    <Cd>RCDT</Cd>
                                    <SubFmlyCd>ESCT</SubFmlyCd>
                                </Fmly>
                            </Domn>
                        </BkTxCd>
                        <RltdPties>
                            <Dbtr>
                                <Nm>TEST Company Ltd</Nm>
                            </Dbtr>
                        </RltdPties>
                        <RmtInf>
                            <Strd>
                                <CdtrRefInf>
                                    <Tp>
                                        <CdOrPrtry>
                                            <Cd>SCOR</Cd>
                                        </CdOrPrtry>
                                    </Tp>
                                    <Ref>92200000011040926611</Ref>
                                </CdtrRefInf>
                            </Strd>
                        </RmtInf>
                        <RltdDts>
                            <AccptncDtTm>1991-09-19T00:00:00Z</AccptncDtTm>
                        </RltdDts>
                    </TxDtls>
                    <TxDtls>
                        <Refs>
                            <AcctSvcrRef>19992333341234380</AcctSvcrRef>
                            <EndToEndId>NOTPROVIDED</EndToEndId>
                        </Refs>
                        <AmtDtls>
                            <TxAmt>
                                <Amt Ccy="AOA">588.80</Amt>
                            </TxAmt>
                        </AmtDtls>
                        <BkTxCd>
                            <Domn>
                                <Cd>PMNT</Cd>
                                <Fmly>
                                    <Cd>RCDT</Cd>
                                    <SubFmlyCd>ESCT</SubFmlyCd>
                                </Fmly>
                            </Domn>
                        </BkTxCd>
                        <RltdPties>
                            <Dbtr>
                                <Nm>TEST Company Ltd</Nm>
                                <Id>
                                    <OrgId>
                                        <Othr>
                                            <Id>01905573</Id>
                                        </Othr>
                                    </OrgId>
                                </Id>
                            </Dbtr>
                        </RltdPties>
                        <RmtInf>
                            <Strd>
                                <CdtrRefInf>
                                    <Tp>
                                        <CdOrPrtry>
                                            <Cd>SCOR</Cd>
                                        </CdOrPrtry>
                                    </Tp>
                                    <Ref>92200000011040926611</Ref>
                                </CdtrRefInf>
                            </Strd>
                        </RmtInf>
                        <RltdDts>
                            <AccptncDtTm>1991-09-19T00:00:00Z</AccptncDtTm>
                        </RltdDts>
                    </TxDtls>
                    <TxDtls>
                        <Refs>
                            <AcctSvcrRef>19992333341234380</AcctSvcrRef>
                            <EndToEndId>NOTPROVIDED</EndToEndId>
                        </Refs>
                        <AmtDtls>
                            <TxAmt>
                                <Amt Ccy="AOA">1152.48</Amt>
                            </TxAmt>
                        </AmtDtls>
                        <BkTxCd>
                            <Domn>
                                <Cd>PMNT</Cd>
                                <Fmly>
                                    <Cd>RCDT</Cd>
                                    <SubFmlyCd>ESCT</SubFmlyCd>
                                </Fmly>
                            </Domn>
                        </BkTxCd>
                        <RltdPties>
                            <Dbtr>
                                <Nm>TEST Company Ltd</Nm>
                                <Id>
                                    <OrgId>
                                        <Othr>
                                            <Id>01905573</Id>
                                        </Othr>
                                    </OrgId>
                                </Id>
                            </Dbtr>
                        </RltdPties>
                        <RmtInf>
                            <Strd>
                                <CdtrRefInf>
                                    <Tp>
                                        <CdOrPrtry>
                                            <Cd>SCOR</Cd>
                                        </CdOrPrtry>
                                    </Tp>
                                    <Ref>92200000011040926611</Ref>
                                </CdtrRefInf>
                            </Strd>
                        </RmtInf>
                        <RltdDts>
                            <AccptncDtTm>1991-09-19T00:00:00Z</AccptncDtTm>
                        </RltdDts>
                    </TxDtls>
                    <TxDtls>
                        <Refs>
                            <AcctSvcrRef>19992333341234380</AcctSvcrRef>
                            <EndToEndId>O-5170800017-1116</EndToEndId>
                        </Refs>
                        <AmtDtls>
                            <TxAmt>
                                <Amt Ccy="AOA">1723.00</Amt>
                            </TxAmt>
                        </AmtDtls>
                        <BkTxCd>
                            <Domn>
                                <Cd>PMNT</Cd>
                                <Fmly>
                                    <Cd>RCDT</Cd>
                                    <SubFmlyCd>ESCT</SubFmlyCd>
                                </Fmly>
                            </Domn>
                        </BkTxCd>
                        <RltdPties>
                            <Dbtr>
                                <Nm>KFP MYYRMÄKI OY</Nm>
                                <Id>
                                    <OrgId>
                                        <Othr>
                                            <Id>01905573</Id>
                                        </Othr>
                                    </OrgId>
                                </Id>
                            </Dbtr>
                        </RltdPties>
                        <RmtInf>
                            <Strd>
                                <CdtrRefInf>
                                    <Tp>
                                        <CdOrPrtry>
                                            <Cd>SCOR</Cd>
                                        </CdOrPrtry>
                                    </Tp>
                                    <Ref>92200000011040926611</Ref>
                                </CdtrRefInf>
                            </Strd>
                        </RmtInf>
                        <RltdDts>
                            <AccptncDtTm>1991-09-19T00:00:00Z</AccptncDtTm>
                        </RltdDts>
                    </TxDtls>
                    <TxDtls>
                        <Refs>
                            <AcctSvcrRef>19992333341234380</AcctSvcrRef>
                            <EndToEndId>O-5170800032-1117</EndToEndId>
                        </Refs>
                        <AmtDtls>
                            <TxAmt>
                                <Amt Ccy="AOA">1913.50</Amt>
                            </TxAmt>
                        </AmtDtls>
                        <BkTxCd>
                            <Domn>
                                <Cd>PMNT</Cd>
                                <Fmly>
                                    <Cd>RCDT</Cd>
                                    <SubFmlyCd>ESCT</SubFmlyCd>
                                </Fmly>
                            </Domn>
                        </BkTxCd>
                        <RltdPties>
                            <Dbtr>
                                <Nm>KFP MYYRMÄKI OY</Nm>
                                <Id>
                                    <OrgId>
                                        <Othr>
                                            <Id>01905573</Id>
                                        </Othr>
                                    </OrgId>
                                </Id>
                            </Dbtr>
                        </RltdPties>
                        <RmtInf>
                            <Strd>
                                <CdtrRefInf>
                                    <Tp>
                                        <CdOrPrtry>
                                            <Cd>SCOR</Cd>
                                        </CdOrPrtry>
                                    </Tp>
                                    <Ref>92200000011040926611</Ref>
                                </CdtrRefInf>
                            </Strd>
                        </RmtInf>
                        <RltdDts>
                            <AccptncDtTm>1991-09-19T00:00:00Z</AccptncDtTm>
                        </RltdDts>
                    </TxDtls>
                    <TxDtls>
                        <Refs>
                            <AcctSvcrRef>19992333341234380</AcctSvcrRef>
                            <EndToEndId>O-5170800054-1731</EndToEndId>
                        </Refs>
                        <AmtDtls>
                            <TxAmt>
                                <Amt Ccy="AOA">1054.80</Amt>
                            </TxAmt>
                        </AmtDtls>
                        <BkTxCd>
                            <Domn>
                                <Cd>PMNT</Cd>
                                <Fmly>
                                    <Cd>RCDT</Cd>
                                    <SubFmlyCd>ESCT</SubFmlyCd>
                                </Fmly>
                            </Domn>
                        </BkTxCd>
                        <RltdPties>
                            <Dbtr>
                                <Nm>TEST Company Ltd</Nm>
                                <Id>
                                    <OrgId>
                                        <Othr>
                                            <Id>01905573</Id>
                                        </Othr>
                                    </OrgId>
                                </Id>
                            </Dbtr>
                        </RltdPties>
                        <RmtInf>
                            <Strd>
                                <CdtrRefInf>
                                    <Tp>
                                        <CdOrPrtry>
                                            <Cd>SCOR</Cd>
                                        </CdOrPrtry>
                                    </Tp>
                                    <Ref>92200000011040926611</Ref>
                                </CdtrRefInf>
                            </Strd>
                        </RmtInf>
                        <RltdDts>
                            <AccptncDtTm>1991-09-19T00:00:00Z</AccptncDtTm>
                        </RltdDts>
                    </TxDtls>
                    <TxDtls>
                        <Refs>
                            <AcctSvcrRef>19992333341234380</AcctSvcrRef>
                            <EndToEndId>NOTPROVIDED</EndToEndId>
                        </Refs>
                        <AmtDtls>
                            <TxAmt>
                                <Amt Ccy="AOA">787.10</Amt>
                            </TxAmt>
                        </AmtDtls>
                        <BkTxCd>
                            <Domn>
                                <Cd>PMNT</Cd>
                                <Fmly>
                                    <Cd>RCDT</Cd>
                                    <SubFmlyCd>ESCT</SubFmlyCd>
                                </Fmly>
                            </Domn>
                        </BkTxCd>
                        <RltdPties>
                            <Dbtr>
                                <Nm>TEST Company Ltd</Nm>
                                <Id>
                                    <OrgId>
                                        <Othr>
                                            <Id>01905573</Id>
                                        </Othr>
                                    </OrgId>
                                </Id>
                            </Dbtr>
                        </RltdPties>
                        <RmtInf>
                            <Strd>
                                <CdtrRefInf>
                                    <Tp>
                                        <CdOrPrtry>
                                            <Cd>SCOR</Cd>
                                        </CdOrPrtry>
                                    </Tp>
                                    <Ref>92200000011040926611</Ref>
                                </CdtrRefInf>
                            </Strd>
                        </RmtInf>
                        <RltdDts>
                            <AccptncDtTm>1991-09-19T00:00:00Z</AccptncDtTm>
                        </RltdDts>
                    </TxDtls>
                    <TxDtls>
                        <Refs>
                            <AcctSvcrRef>19992333341234380</AcctSvcrRef>
                            <EndToEndId>199109208E7808020510</EndToEndId>
                        </Refs>
                        <AmtDtls>
                            <TxAmt>
                                <Amt Ccy="AOA">426.10</Amt>
                            </TxAmt>
                        </AmtDtls>
                        <BkTxCd>
                            <Domn>
                                <Cd>PMNT</Cd>
                                <Fmly>
                                    <Cd>RCDT</Cd>
                                    <SubFmlyCd>ESCT</SubFmlyCd>
                                </Fmly>
                            </Domn>
                        </BkTxCd>
                        <RltdPties>
                            <Dbtr>
                                <Nm>TEST Company Ltd</Nm>
                                <Id>
                                    <OrgId>
                                        <Othr>
                                            <Id>01905573</Id>
                                        </Othr>
                                    </OrgId>
                                </Id>
                            </Dbtr>
                        </RltdPties>
                        <RmtInf>
                            <Strd>
                                <CdtrRefInf>
                                    <Tp>
                                        <CdOrPrtry>
                                            <Cd>SCOR</Cd>
                                        </CdOrPrtry>
                                    </Tp>
                                    <Ref>92200000011040926611</Ref>
                                </CdtrRefInf>
                            </Strd>
                        </RmtInf>
                        <RltdDts>
                            <AccptncDtTm>1991-09-20T00:00:00Z</AccptncDtTm>
                        </RltdDts>
                    </TxDtls>
                    <TxDtls>
                        <Refs>
                            <AcctSvcrRef>19992333341234380</AcctSvcrRef>
                        </Refs>
                        <AmtDtls>
                            <TxAmt>
                                <Amt Ccy="AOA">1195.15</Amt>
                            </TxAmt>
                        </AmtDtls>
                        <BkTxCd>
                            <Domn>
                                <Cd>PMNT</Cd>
                                <Fmly>
                                    <Cd>RCDT</Cd>
                                    <SubFmlyCd>DMCT</SubFmlyCd>
                                </Fmly>
                            </Domn>
                        </BkTxCd>
                        <RltdPties>
                            <Dbtr>
                                <Nm>TEST Company Ltd</Nm>
                            </Dbtr>
                        </RltdPties>
                        <RmtInf>
                            <Strd>
                                <CdtrRefInf>
                                    <Tp>
                                        <CdOrPrtry>
                                            <Cd>SCOR</Cd>
                                        </CdOrPrtry>
                                    </Tp>
                                    <Ref>92200000011040926611</Ref>
                                </CdtrRefInf>
                            </Strd>
                        </RmtInf>
                        <RltdDts>
                            <AccptncDtTm>1991-09-20T00:00:00Z</AccptncDtTm>
                        </RltdDts>
                    </TxDtls>
                    <TxDtls>
                        <Refs>
                            <AcctSvcrRef>19992333341234380</AcctSvcrRef>
                        </Refs>
                        <AmtDtls>
                            <TxAmt>
                                <Amt Ccy="AOA">985.27</Amt>
                            </TxAmt>
                        </AmtDtls>
                        <BkTxCd>
                            <Domn>
                                <Cd>PMNT</Cd>
                                <Fmly>
                                    <Cd>RCDT</Cd>
                                    <SubFmlyCd>DMCT</SubFmlyCd>
                                </Fmly>
                            </Domn>
                        </BkTxCd>
                        <RltdPties>
                            <Dbtr>
                                <Nm>TEST Company Ltd</Nm>
                            </Dbtr>
                        </RltdPties>
                        <RmtInf>
                            <Strd>
                                <CdtrRefInf>
                                    <Tp>
                                        <CdOrPrtry>
                                            <Cd>SCOR</Cd>
                                        </CdOrPrtry>
                                    </Tp>
                                    <Ref>92200000011040926611</Ref>
                                </CdtrRefInf>
                            </Strd>
                        </RmtInf>
                        <RltdDts>
                            <AccptncDtTm>1991-09-20T00:00:00Z</AccptncDtTm>
                        </RltdDts>
                    </TxDtls>
                    <TxDtls>
                        <Refs>
                            <AcctSvcrRef>19992333341234380</AcctSvcrRef>
                        </Refs>
                        <AmtDtls>
                            <TxAmt>
                                <Amt Ccy="AOA">2608.00</Amt>
                            </TxAmt>
                        </AmtDtls>
                        <BkTxCd>
                            <Domn>
                                <Cd>PMNT</Cd>
                                <Fmly>
                                    <Cd>RCDT</Cd>
                                    <SubFmlyCd>DMCT</SubFmlyCd>
                                </Fmly>
                            </Domn>
                        </BkTxCd>
                        <RltdPties>
                            <Dbtr>
                                <Nm>TEST Company Ltd</Nm>
                            </Dbtr>
                        </RltdPties>
                        <RmtInf>
                            <Strd>
                                <CdtrRefInf>
                                    <Tp>
                                        <CdOrPrtry>
                                            <Cd>SCOR</Cd>
                                        </CdOrPrtry>
                                    </Tp>
                                    <Ref>92200000011040926611</Ref>
                                </CdtrRefInf>
                            </Strd>
                        </RmtInf>
                        <RltdDts>
                            <AccptncDtTm>1991-09-20T00:00:00Z</AccptncDtTm>
                        </RltdDts>
                    </TxDtls>
                    <TxDtls>
                        <Refs>
                            <AcctSvcrRef>19992333341234380</AcctSvcrRef>
                        </Refs>
                        <AmtDtls>
                            <TxAmt>
                                <Amt Ccy="AOA">1788.60</Amt>
                            </TxAmt>
                        </AmtDtls>
                        <BkTxCd>
                            <Domn>
                                <Cd>PMNT</Cd>
                                <Fmly>
                                    <Cd>RCDT</Cd>
                                    <SubFmlyCd>DMCT</SubFmlyCd>
                                </Fmly>
                            </Domn>
                        </BkTxCd>
                        <RltdPties>
                            <Dbtr>
                                <Nm>TEST Company Ltd</Nm>
                            </Dbtr>
                        </RltdPties>
                        <RmtInf>
                            <Strd>
                                <CdtrRefInf>
                                    <Tp>
                                        <CdOrPrtry>
                                            <Cd>SCOR</Cd>
                                        </CdOrPrtry>
                                    </Tp>
                                    <Ref>92200000011040926611</Ref>
                                </CdtrRefInf>
                            </Strd>
                        </RmtInf>
                        <RltdDts>
                            <AccptncDtTm>1991-09-20T00:00:00Z</AccptncDtTm>
                        </RltdDts>
                    </TxDtls>
                    <TxDtls>
                        <Refs>
                            <AcctSvcrRef>19992333341234380</AcctSvcrRef>
                        </Refs>
                        <AmtDtls>
                            <TxAmt>
                                <Amt Ccy="AOA">1821.39</Amt>
                            </TxAmt>
                        </AmtDtls>
                        <BkTxCd>
                            <Domn>
                                <Cd>PMNT</Cd>
                                <Fmly>
                                    <Cd>RCDT</Cd>
                                    <SubFmlyCd>DMCT</SubFmlyCd>
                                </Fmly>
                            </Domn>
                        </BkTxCd>
                        <RltdPties>
                            <Dbtr>
                                <Nm>TEST Company Ltd</Nm>
                            </Dbtr>
                        </RltdPties>
                        <RmtInf>
                            <Strd>
                                <CdtrRefInf>
                                    <Tp>
                                        <CdOrPrtry>
                                            <Cd>SCOR</Cd>
                                        </CdOrPrtry>
                                    </Tp>
                                    <Ref>92200000011040926611</Ref>
                                </CdtrRefInf>
                            </Strd>
                        </RmtInf>
                        <RltdDts>
                            <AccptncDtTm>1991-09-20T00:00:00Z</AccptncDtTm>
                        </RltdDts>
                    </TxDtls>
                    <TxDtls>
                        <Refs>
                            <AcctSvcrRef>19992333341234380</AcctSvcrRef>
                            <EndToEndId>199109208E7809874482</EndToEndId>
                        </Refs>
                        <AmtDtls>
                            <TxAmt>
                                <Amt Ccy="AOA">321.00</Amt>
                            </TxAmt>
                        </AmtDtls>
                        <BkTxCd>
                            <Domn>
                                <Cd>PMNT</Cd>
                                <Fmly>
                                    <Cd>RCDT</Cd>
                                    <SubFmlyCd>ESCT</SubFmlyCd>
                                </Fmly>
                            </Domn>
                        </BkTxCd>
                        <RltdPties>
                            <Dbtr>
                                <Nm>TEST Company Ltd</Nm>
                                <Id>
                                    <OrgId>
                                        <Othr>
                                            <Id>01905573</Id>
                                        </Othr>
                                    </OrgId>
                                </Id>
                            </Dbtr>
                        </RltdPties>
                        <RmtInf>
                            <Strd>
                                <CdtrRefInf>
                                    <Tp>
                                        <CdOrPrtry>
                                            <Cd>SCOR</Cd>
                                        </CdOrPrtry>
                                    </Tp>
                                    <Ref>92200000011040926611</Ref>
                                </CdtrRefInf>
                            </Strd>
                        </RmtInf>
                        <RltdDts>
                            <AccptncDtTm>1991-09-20T00:00:00Z</AccptncDtTm>
                        </RltdDts>
                    </TxDtls>
                    <TxDtls>
                        <Refs>
                            <AcctSvcrRef>19992333341234380</AcctSvcrRef>
                            <EndToEndId>199109208E7809874485</EndToEndId>
                        </Refs>
                        <AmtDtls>
                            <TxAmt>
                                <Amt Ccy="AOA">377.20</Amt>
                            </TxAmt>
                        </AmtDtls>
                        <BkTxCd>
                            <Domn>
                                <Cd>PMNT</Cd>
                                <Fmly>
                                    <Cd>RCDT</Cd>
                                    <SubFmlyCd>ESCT</SubFmlyCd>
                                </Fmly>
                            </Domn>
                        </BkTxCd>
                        <RltdPties>
                            <Dbtr>
                                <Nm>TEST Company Ltd</Nm>
                                <Id>
                                    <OrgId>
                                        <Othr>
                                            <Id>01905573</Id>
                                        </Othr>
                                    </OrgId>
                                </Id>
                            </Dbtr>
                        </RltdPties>
                        <RmtInf>
                            <Strd>
                                <CdtrRefInf>
                                    <Tp>
                                        <CdOrPrtry>
                                            <Cd>SCOR</Cd>
                                        </CdOrPrtry>
                                    </Tp>
                                    <Ref>92200000011040926611</Ref>
                                </CdtrRefInf>
                            </Strd>
                        </RmtInf>
                        <RltdDts>
                            <AccptncDtTm>1991-09-20T00:00:00Z</AccptncDtTm>
                        </RltdDts>
                    </TxDtls>
                    <TxDtls>
                        <Refs>
                            <AcctSvcrRef>19992333341234380</AcctSvcrRef>
                            <EndToEndId>199109208E7809874419</EndToEndId>
                        </Refs>
                        <AmtDtls>
                            <TxAmt>
                                <Amt Ccy="AOA">536.55</Amt>
                            </TxAmt>
                        </AmtDtls>
                        <BkTxCd>
                            <Domn>
                                <Cd>PMNT</Cd>
                                <Fmly>
                                    <Cd>RCDT</Cd>
                                    <SubFmlyCd>ESCT</SubFmlyCd>
                                </Fmly>
                            </Domn>
                        </BkTxCd>
                        <RltdPties>
                            <Dbtr>
                                <Nm>TEST Company Ltd</Nm>
                                <Id>
                                    <OrgId>
                                        <Othr>
                                            <Id>01905573</Id>
                                        </Othr>
                                    </OrgId>
                                </Id>
                            </Dbtr>
                        </RltdPties>
                        <RmtInf>
                            <Strd>
                                <CdtrRefInf>
                                    <Tp>
                                        <CdOrPrtry>
                                            <Cd>SCOR</Cd>
                                        </CdOrPrtry>
                                    </Tp>
                                    <Ref>92200000011040926611</Ref>
                                </CdtrRefInf>
                            </Strd>
                        </RmtInf>
                        <RltdDts>
                            <AccptncDtTm>1991-09-20T00:00:00Z</AccptncDtTm>
                        </RltdDts>
                    </TxDtls>
                    <TxDtls>
                        <Refs>
                            <AcctSvcrRef>19992333341234380</AcctSvcrRef>
                        </Refs>
                        <AmtDtls>
                            <TxAmt>
                                <Amt Ccy="AOA">1567.51</Amt>
                            </TxAmt>
                        </AmtDtls>
                        <BkTxCd>
                            <Domn>
                                <Cd>PMNT</Cd>
                                <Fmly>
                                    <Cd>RCDT</Cd>
                                    <SubFmlyCd>DMCT</SubFmlyCd>
                                </Fmly>
                            </Domn>
                        </BkTxCd>
                        <RltdPties>
                            <Dbtr>
                                <Nm>TEST Company Ltd</Nm>
                            </Dbtr>
                        </RltdPties>
                        <RmtInf>
                            <Strd>
                                <CdtrRefInf>
                                    <Tp>
                                        <CdOrPrtry>
                                            <Cd>SCOR</Cd>
                                        </CdOrPrtry>
                                    </Tp>
                                    <Ref>92200000011040926611</Ref>
                                </CdtrRefInf>
                            </Strd>
                        </RmtInf>
                        <RltdDts>
                            <AccptncDtTm>1991-09-20T00:00:00Z</AccptncDtTm>
                        </RltdDts>
                    </TxDtls>
                    <TxDtls>
                        <Refs>
                            <AcctSvcrRef>19992333341234380</AcctSvcrRef>
                        </Refs>
                        <AmtDtls>
                            <TxAmt>
                                <Amt Ccy="AOA">836.00</Amt>
                            </TxAmt>
                        </AmtDtls>
                        <BkTxCd>
                            <Domn>
                                <Cd>PMNT</Cd>
                                <Fmly>
                                    <Cd>RCDT</Cd>
                                    <SubFmlyCd>DMCT</SubFmlyCd>
                                </Fmly>
                            </Domn>
                        </BkTxCd>
                        <RltdPties>
                            <Dbtr>
                                <Nm>TEST Company Ltd</Nm>
                            </Dbtr>
                        </RltdPties>
                        <RmtInf>
                            <Strd>
                                <CdtrRefInf>
                                    <Tp>
                                        <CdOrPrtry>
                                            <Cd>SCOR</Cd>
                                        </CdOrPrtry>
                                    </Tp>
                                    <Ref>92200000011040926611</Ref>
                                </CdtrRefInf>
                            </Strd>
                        </RmtInf>
                        <RltdDts>
                            <AccptncDtTm>1991-09-20T00:00:00Z</AccptncDtTm>
                        </RltdDts>
                    </TxDtls>
                    <TxDtls>
                        <Refs>
                            <AcctSvcrRef>19992333341234380</AcctSvcrRef>
                        </Refs>
                        <AmtDtls>
                            <TxAmt>
                                <Amt Ccy="AOA">1630.63</Amt>
                            </TxAmt>
                        </AmtDtls>
                        <BkTxCd>
                            <Domn>
                                <Cd>PMNT</Cd>
                                <Fmly>
                                    <Cd>RCDT</Cd>
                                    <SubFmlyCd>DMCT</SubFmlyCd>
                                </Fmly>
                            </Domn>
                        </BkTxCd>
                        <RltdPties>
                            <Dbtr>
                                <Nm>TEST Company Ltd</Nm>
                            </Dbtr>
                        </RltdPties>
                        <RmtInf>
                            <Strd>
                                <CdtrRefInf>
                                    <Tp>
                                        <CdOrPrtry>
                                            <Cd>SCOR</Cd>
                                        </CdOrPrtry>
                                    </Tp>
                                    <Ref>92200000011040926611</Ref>
                                </CdtrRefInf>
                            </Strd>
                        </RmtInf>
                        <RltdDts>
                            <AccptncDtTm>1991-09-20T00:00:00Z</AccptncDtTm>
                        </RltdDts>
                    </TxDtls>
                    <TxDtls>
                        <Refs>
                            <AcctSvcrRef>19992333341234380</AcctSvcrRef>
                        </Refs>
                        <AmtDtls>
                            <TxAmt>
                                <Amt Ccy="AOA">3785.93</Amt>
                            </TxAmt>
                        </AmtDtls>
                        <BkTxCd>
                            <Domn>
                                <Cd>PMNT</Cd>
                                <Fmly>
                                    <Cd>RCDT</Cd>
                                    <SubFmlyCd>DMCT</SubFmlyCd>
                                </Fmly>
                            </Domn>
                        </BkTxCd>
                        <RltdPties>
                            <Dbtr>
                                <Nm>TEST Company Ltd</Nm>
                            </Dbtr>
                        </RltdPties>
                        <RmtInf>
                            <Strd>
                                <CdtrRefInf>
                                    <Tp>
                                        <CdOrPrtry>
                                            <Cd>SCOR</Cd>
                                        </CdOrPrtry>
                                    </Tp>
                                    <Ref>92200000011040926611</Ref>
                                </CdtrRefInf>
                            </Strd>
                        </RmtInf>
                        <RltdDts>
                            <AccptncDtTm>1991-09-20T00:00:00Z</AccptncDtTm>
                        </RltdDts>
                    </TxDtls>
                    <TxDtls>
                        <Refs>
                            <AcctSvcrRef>19992333341234380</AcctSvcrRef>
                        </Refs>
                        <AmtDtls>
                            <TxAmt>
                                <Amt Ccy="AOA">7227.57</Amt>
                            </TxAmt>
                        </AmtDtls>
                        <BkTxCd>
                            <Domn>
                                <Cd>PMNT</Cd>
                                <Fmly>
                                    <Cd>RCDT</Cd>
                                    <SubFmlyCd>DMCT</SubFmlyCd>
                                </Fmly>
                            </Domn>
                        </BkTxCd>
                        <RltdPties>
                            <Dbtr>
                                <Nm>TEST Company Ltd</Nm>
                            </Dbtr>
                        </RltdPties>
                        <RmtInf>
                            <Strd>
                                <CdtrRefInf>
                                    <Tp>
                                        <CdOrPrtry>
                                            <Cd>SCOR</Cd>
                                        </CdOrPrtry>
                                    </Tp>
                                    <Ref>92200000011040926611</Ref>
                                </CdtrRefInf>
                            </Strd>
                        </RmtInf>
                        <RltdDts>
                            <AccptncDtTm>1991-09-20T00:00:00Z</AccptncDtTm>
                        </RltdDts>
                    </TxDtls>
                    <TxDtls>
                        <Refs>
                            <AcctSvcrRef>19992333341234380</AcctSvcrRef>
                        </Refs>
                        <AmtDtls>
                            <TxAmt>
                                <Amt Ccy="AOA">2660.29</Amt>
                            </TxAmt>
                        </AmtDtls>
                        <BkTxCd>
                            <Domn>
                                <Cd>PMNT</Cd>
                                <Fmly>
                                    <Cd>RCDT</Cd>
                                    <SubFmlyCd>DMCT</SubFmlyCd>
                                </Fmly>
                            </Domn>
                        </BkTxCd>
                        <RltdPties>
                            <Dbtr>
                                <Nm>TEST Company Ltd</Nm>
                            </Dbtr>
                        </RltdPties>
                        <RmtInf>
                            <Strd>
                                <CdtrRefInf>
                                    <Tp>
                                        <CdOrPrtry>
                                            <Cd>SCOR</Cd>
                                        </CdOrPrtry>
                                    </Tp>
                                    <Ref>92200000011040926611</Ref>
                                </CdtrRefInf>
                            </Strd>
                        </RmtInf>
                        <RltdDts>
                            <AccptncDtTm>1991-09-20T00:00:00Z</AccptncDtTm>
                        </RltdDts>
                    </TxDtls>
                    <TxDtls>
                        <Refs>
                            <AcctSvcrRef>19992333341234380</AcctSvcrRef>
                        </Refs>
                        <AmtDtls>
                            <TxAmt>
                                <Amt Ccy="AOA">1716.52</Amt>
                            </TxAmt>
                        </AmtDtls>
                        <BkTxCd>
                            <Domn>
                                <Cd>PMNT</Cd>
                                <Fmly>
                                    <Cd>RCDT</Cd>
                                    <SubFmlyCd>DMCT</SubFmlyCd>
                                </Fmly>
                            </Domn>
                        </BkTxCd>
                        <RltdPties>
                            <Dbtr>
                                <Nm>TEST Company Ltd</Nm>
                            </Dbtr>
                        </RltdPties>
                        <RmtInf>
                            <Strd>
                                <CdtrRefInf>
                                    <Tp>
                                        <CdOrPrtry>
                                            <Cd>SCOR</Cd>
                                        </CdOrPrtry>
                                    </Tp>
                                    <Ref>92200000011040926611</Ref>
                                </CdtrRefInf>
                            </Strd>
                        </RmtInf>
                        <RltdDts>
                            <AccptncDtTm>1991-09-20T00:00:00Z</AccptncDtTm>
                        </RltdDts>
                    </TxDtls>
                    <TxDtls>
                        <Refs>
                            <AcctSvcrRef>19992333341234380</AcctSvcrRef>
                        </Refs>
                        <AmtDtls>
                            <TxAmt>
                                <Amt Ccy="AOA">913.87</Amt>
                            </TxAmt>
                        </AmtDtls>
                        <BkTxCd>
                            <Domn>
                                <Cd>PMNT</Cd>
                                <Fmly>
                                    <Cd>RCDT</Cd>
                                    <SubFmlyCd>DMCT</SubFmlyCd>
                                </Fmly>
                            </Domn>
                        </BkTxCd>
                        <RltdPties>
                            <Dbtr>
                                <Nm>TEST Company Ltd</Nm>
                            </Dbtr>
                        </RltdPties>
                        <RmtInf>
                            <Strd>
                                <CdtrRefInf>
                                    <Tp>
                                        <CdOrPrtry>
                                            <Cd>SCOR</Cd>
                                        </CdOrPrtry>
                                    </Tp>
                                    <Ref>92200000011040926611</Ref>
                                </CdtrRefInf>
                            </Strd>
                        </RmtInf>
                        <RltdDts>
                            <AccptncDtTm>1991-09-20T00:00:00Z</AccptncDtTm>
                        </RltdDts>
                    </TxDtls>
                </NtryDtls>
            </Ntry>
        </Ntfctn>
    </BkToCstmrDbtCdtNtfctn>
</Document>